@article{herbinger2023decomposing,
  title={Decomposing global feature effects based on feature interactions},
  author={Herbinger, Julia and Bischl, Bernd and Casalicchio, Giuseppe},
  journal={arXiv preprint arXiv:2306.00541},
  year={2023}
}

@incollection{gkolemis2023rhale,
  title={RHALE: Robust and Heterogeneity-Aware Accumulated Local Effects},
  author={Gkolemis, Vasilis and Dalamagas, Theodore and Ntoutsi, Eirini and Diou, Christos},
  booktitle={ECAI 2023},
  pages={859--866},
  year={2023},
  publisher={IOS Press}
}